@BOOK{TEST1234,
title = {Datenmodelle, Datenbanksprachen und Datenbankmanagementsysteme},
author = {Vossen, Gottfried},
address = {München},
publisher = {Oldenbourg},
year = {2008},
edition = {5., überarb. und erw. Aufl.},
isbn = {978-3-486-27574-2}
}

@book{kuenneth2012android,
  title={Android 4: Apps entwickeln mit dem Android SDK},
  author={K{\"u}nneth, T.},
  isbn={9783836219488},
  series={Galileo computing},
  url={https://books.google.de/books?id=j-BpuQAACAAJ},
  year={2012},
  publisher={Rheinwerk Verlag GmbH}
}


@book{esport1,
title = {Untersuchungen zum Vermarktungspotential von eSport in Deutschland},
author = {Sauer, Christian},
address = {FHM Bielefeld},
publisher = {FHM Bielefeld},
year = {2004},
edition = {1. Auflage},
isbn = {FHM Bielefled},
}

@book{sierra2006,
  added-at = {2010-05-15T11:31:15.000+0200},
  asin = {3897214482},
  author = {Sierra, Kathy and Bates, Bert},
  biburl = {http://www.bibsonomy.org/bibtex/2fed60969df84991a515f57ce94d5d54d/macub100},
  description = {Java von Kopf bis Fuß: Amazon.de: Kathy Sierra, Bert Bates, Lars Schulten, Elke Buchholz: Bücher},
  ean = {9783897214484},
  edition = 1,
  interhash = {d81dcc492500856034465ff434205736},
  intrahash = {fed60969df84991a515f57ce94d5d54d},
  isbn = {3897214482},
  keywords = {2006 bates bert bis fuß java kathy kopf majcub sierra von wisrep10},
  publisher = {O'Reilly},
  timestamp = {2010-05-15T11:38:49.000+0200},
  title = {Java von Kopf bis Fuß},
  url = {http://www.amazon.de/Java-von-Kopf-bis-Fuß/dp/3897214482/ref=sr_1_1?ie=UTF8&s=books&qid=1273915686&sr=8-1},
  year = 2006
}



@book{TEST1248,
title = {Datenbanken : Implementierungstechniken},
author = {Saake, Gunter and Sattler, Kai-Uwe and Heuer, Andreas},
address = {Heidelberg},
publisher = {mitp},
year = {2011},
edition = {3. Aufl.},
isbn = {978-3-8266-9156-0; 3-8266-9156-3},
}

